@article{ploen2007,
  title={Convex Programming Approach to Powered Descent Guidance for Mars Landing},
  author={Acikmese, B and Ploen, S},
  journal={AIAA Journal of Guidance, Control, and Dynamics},
  volume={30},
  number={5},
  pages={1353, 1366},
  year={2007},
  publisher={American Institute of Aeronautics and Astronautics},
  doi = {10.2514/1.27553}
}

@article{enhancements2008,
  title={Enhancements on the Convex Programming Based Powered Descent Guidance Algorithm for Mars Landing},
  author={Acikmese, B and Blackmore, L and Scharf, D and Wolf, A},
  journal={AIAA/AAS Astrodynamics Specialist Conference and Exhibit, Guidance, Navigation, and Control},
  year={2008},
  doi = {10.2514/6.2008-6426}
}

@article{blackmore2013,
  title={Lossless Convexification of Nonconvex Control Bound Constraints of the Soft Landing Optimal Control Problem},
  author={Acikmese, B and Carson, J and Blackmore, L},
  journal={IEEE Transactions on Control Systems Technology},
  volume={21},
  number={6},
  pages={2104},
  year={2013}
}

@article{becet2016,
  title={Successive Convexification for Fuel-Optimal Powered Landing with Aerodynamic Drag and Non-Convex Constraints},
  author={Acikmese, B and Carson, J and Blackmore, L},
  journal={AIAA SciTech Forum},
  year={2016}
}

@inbook{boyd,
  title={Convex Optimization},
  author ={Stephen Boyd, Lieven Vandenberghe},
  year = {2009}
}

@article{ICRApaper,
  title={Design and Control of an Indoor Micro Quadrotor},
  author={Bouabdallah, S and Murrieri, P and Siegward, R},
  journal={AIAA Journal of Guidance, Control, and Dynamics},
  volume={30},
  number={5},
  pages={1353, 1366},
  year={2007},
  publisher={American Institute of Aeronautics and Astronautics},
  doi = {10.2514/1.27553}
}

@article{mcmonagle,
  title={Multi-Body Large Displacement Equations of Motion for Flexible Bodies Represented as Finite Element Models},
  author={Richard I. McMonagle},
  journal={AIAA Modeling and Simulation Technologies Conference},
  year={2014},
  publisher={American Institute of Aeronautics and Astronautics},
  doi = {10.2514/6.2014-2646}
}

@article{6dofsucc,
  title={Successive Convexification for 6-DoF Mars Rocket Powered Landing with Free-Final-Time},
  author={Szmuk, M and Acikmese, B},
  journal={AIAA SciTech Guidance, Navigation, and Control Conference},
  year={2018},
  publisher={American Institute of Aeronautics and Astronautics},
  doi = {10.2514/6.2018-0617}
}


@article{pplandtrade,
  title={Performance Trades for Mars Pinpoint Landing},
  author={Tooley, Wolf, Ploen, Ivanov, Acikmese, Gromov},
  journal={ IEEEAC},
  pages={1661},
  year={2006},
  publisher={IEEE},
  doi =  {0-7803-9546-8/06}
}

@article{advSRP,
  title={Advancing Supersonic Retropropulsion Using Mars-Relevant Flight Data: An Overview},
  author={Braun, R and Sforzo, B and Campbell, C},
  journal={AIAA SPACE and Astronautics Forum and Exposition},
  year={2017},
  publisher={American Institute of Aeronautics and Astronautics},
  doi =  {10.2514/6.2017-5292}
}


@article{gfoldtest ,
  title={FLIGHT TESTING OF TRAJECTORIES COMPUTED BY G-FOLD: FUEL OPTIMAL LARGE DIVERT GUIDANCE ALGORITHM FOR PLANETARY LANDING},
  author={Acikmese, B and Aung, M and Casoliva, J and Mohan, S},
  journal={IEEE Aerospace Conference Proceedings},
  year={2014},
  publisher={IEEE},
  doi =  {10.1109/AERO.2014.6836462}
}

@article{pinglu,
  title={Entry Guidance and Trajectory Control for Reusable Launch Vehicle},
  author={Lu, P},
  journal={Journal of Guidance, Control, and Dynamics},
  year={1997},
  publisher={AIAA},
  doi =  {10.2514/2.4008}
}


@article{dsouza,
  title={Investigation of Trajectory Generation for a Mission Adaptive Planetary Entry Guidance Algorithm },
  author={D'Souza, S and Sarigul-Klign, N},
  journal={AIAA Atmospheric Flight Mechanics Conference},
  year={2012},
  publisher={AIAA},
  doi =  {0.2514/6.2012-4508}
}

@article{szmuk2018,
  title={Successive Convexification for 6-DoF Mars Rocket Powered Landing with Free-Final-Time},
  author={Szmuk, M and Ackcmese, B},
  journal={AIAA Guidance, Navigation, and Control Conference},
  year={2018},
  publisher={American Institute of Aeronautics and Astronautics},
  doi = {10.2514/6.2018-0617}
}



@inbook{schaub,
  title={Analytical Mechanics of Space Systems, Fourth edition},
  author ={Hanspeter Schaub, John Junkins},
  year = {2018}
}
